<?xml version="1.0" encoding="UTF-8"?>
<record xmlns="http://www.loc.gov/MARC21/slim">
   <leader>00593cam a22001935  4500</leader>
   <controlfield tag="001">2579840</controlfield>
   <controlfield tag="003">NjP</controlfield>
   <controlfield tag="005">20170908171836.0</controlfield>
   <controlfield tag="008">990728m19291932ua            000 0 ara d</controlfield>
   <datafield tag="024" ind1="7" ind2=" ">
      <subfield code="a">princeton_aco004051</subfield>
      <subfield code="2">local</subfield>
   </datafield>
   <datafield ind1=" " ind2=" " tag="035">
      <subfield code="a">(OCoLC)ocm41972513</subfield>
   </datafield>
   <datafield ind1=" " ind2=" " tag="035">
      <subfield code="9">CMF1985TS</subfield>
   </datafield>
   <datafield ind1=" " ind2=" " tag="040">
      <subfield code="a">PUL</subfield>
      <subfield code="c">PUL</subfield>
   </datafield>
   <datafield ind1="0" ind2=" " tag="130">
      <subfield code="a">Bible.</subfield>
      <subfield code="l">Arabic.</subfield>
      <subfield code="f">1932.</subfield>
      <subfield code="0">http://id.loc.gov/authorities/names/n00020514</subfield>
   </datafield>
   <datafield ind1="0" ind2="0" tag="245">
      <subfield code="a">[Holy Bible in Arabic,</subfield>
      <subfield code="c">ed. by the Jesuit Society in Beirut]</subfield>
   </datafield>
   <datafield ind1=" " ind2=" " tag="260">
      <subfield code="a">Cairo,</subfield>
      <subfield code="c">1929-1932.</subfield>
   </datafield>
   <datafield ind1=" " ind2=" " tag="300">
      <subfield code="a">3 v.</subfield>
      <subfield code="c">24 cm.</subfield>
   </datafield>
   <datafield ind1=" " ind2=" " tag="546">
      <subfield code="a">Title-page and text in Arabic.</subfield>
   </datafield>
   <datafield ind1="2" ind2=" " tag="710">
      <subfield code="a">Jesuits.</subfield>
      <subfield code="b">Beirut.</subfield>
   </datafield>
   <datafield ind1=" " ind2=" " tag="945">
      <subfield code="a">ANXA</subfield>
      <subfield code="b">1</subfield>
      <subfield code="c">2267.177.1929</subfield>
      <subfield code="e">v.1-3</subfield>
   </datafield>
   <datafield ind1=" " ind2=" " tag="911">
      <subfield code="a">19991015</subfield>
   </datafield>
   <datafield ind1="8" ind2="1" tag="852">
      <subfield code="0">2884802</subfield>
      <subfield code="b">rcppa</subfield>
      <subfield code="t">1</subfield>
      <subfield code="h">2267.177.1929</subfield>
      <subfield code="x">tr fr anxa</subfield>
   </datafield>
   <datafield ind1=" " ind2="0" tag="866">
      <subfield code="0">2884802</subfield>
      <subfield code="a">v.1-3</subfield>
   </datafield>
   <datafield ind1=" " ind2=" " tag="959">
      <subfield code="a">2003-01-06 11:35:06 -0400</subfield>
   </datafield>
</record>
